@article{o2000seismic,
	title={Seismic properties of Asian elephant (Elephas maximus) vocalizations and locomotion},
	author={Oâ€™Connell-Rodwell, CE and Arnason, BT and Hart, Lynette A},
	journal={The Journal of the Acoustical Society of America},
	volume={108},
	number={6},
	pages={3066--3072},
	year={2000},
	publisher={Acoustical Society of America}
}

@article{payne1986infrasonic,
	title={Infrasonic calls of the Asian elephant (Elephas maximus)},
	author={Payne, Katharine B and Langbauer, William R and Thomas, Elizabeth M},
	journal={Behavioral Ecology and Sociobiology},
	volume={18},
	number={4},
	pages={297--301},
	year={1986},
	publisher={Springer}
}

@article{koc2013hardware,
	title={Hardware design of seismic sensors in wireless sensor network},
	author={Koc, Gokhan and Yegin, Korkut},
	journal={International Journal of Distributed Sensor Networks},
	volume={9},
	number={9},
	pages={640692},
	year={2013},
	publisher={SAGE Publications Sage UK: London, England}
}

@inproceedings{sayakkara2017eloc,
	title={Eloc: locating wild elephants using low-cost infrasonic detectors},
	author={Sayakkara, Asanka Priyadarshana and Jayasuriya, Namal and Ranathunga, Tharindu and Suduwella, Chathura and Vithanage, Nithila and Keppitiyagama, Chamath and De Zoysa, Kasun and Hewage, Kasun and Voigt, Thiemo},
	booktitle={13th IEEE International Conference on Distributed Computing in Sensor Systems (DCOSS)},
	pages={44--52},
	year={2017}
}

@article{zeppelzauer2015towards,
	title={Towards an automated acoustic detection system for free-ranging elephants},
	author={Zeppelzauer, Matthias and Hensman, Sean and Stoeger, Angela S},
	journal={Bioacoustics},
	volume={24},
	number={1},
	pages={13--29},
	year={2015},
	publisher={Taylor \& Francis}
}

@article{Reinwald2021,
	title={Seismic localization of elephant rumbles
	as a monitoring approach},
	author={Reinwald, Michael and Moseley, Ben and Szenicer, Alexandre and Nissen-Meyer, Tarje and Oduor, Sandy and Vollrath1, Fritz and Markham, and Mortimer, Beth},
	journal={J. R. Soc. Interface https://doi.org/10.1098/rsif.2021.0264},
	volume={18},
	pages={1--11},
	year={2021},
	publisher={The Royal Society}
}

@article{nair2009vocalizations,
	title={Vocalizations of wild Asian elephants (Elephas maximus): structural classification and social context},
	author={Nair, Smita and Balakrishnan, Rohini and Seelamantula, Chandra Sekhar and Sukumar, R},
	journal={The Journal of the Acoustical Society of America},
	volume={126},
	number={5},
	pages={2768--2778},
	year={2009},
	publisher={Acoustical Society of America}
}

@article{phinyomark2012usefulness,
	title={The usefulness of wavelet transform to reduce noise in the SEMG signal},
	author={Phinyomark, Angkoon and Phukpattaranont, Pornchai and Limsakul, Chusak},
	journal={EMG methods for evaluating muscle and nerve function},
	pages={107--132},
	year={2012},
	publisher={InTech Rijeka, Croatia}
}

@article{Daubechies,
	title={Orthonormal bases of compactly supported wavelets},
	author={Daubechies I},
	journal={Communications on Pure and Applied Mathematics},
	volume={41},
	number={7},
	pages={909--996},
	year={1988},
	publisher={Wiley}
}

@inproceedings{wannawijit2019ecg,
	title={ECG classification with modification of higher-order Hjorth descriptors},
	author={Wannawijit, Inya and Kaiwansil, Suvimon and Ruthaisujaritkul, Sutthisak and Yingthawornsuk, Thaweesak},
	booktitle={2019 15th International Conference on Signal-Image Technology \& Internet-Based Systems (SITIS)},
	pages={564--571},
	year={2019},
	organization={IEEE}
}

@article{wang2004image,
  title={Image quality assessment: from error visibility to structural similarity},
  author={Wang, Zhou and Bovik, Alan C and Sheikh, Hamid R and Simoncelli, Eero P},
  journal={IEEE transactions on image processing},
  volume={13},
  number={4},
  pages={600--612},
  year={2004},
  publisher={IEEE}
}

@article{clemins2006generalized,
	title={Generalized perceptual linear prediction features for animal vocalization analysis},
	author={Clemins, Patrick J and Johnson, Michael T},
	journal={The Journal of the Acoustical Society of America},
	volume={120},
	number={1},
	pages={527--534},
	year={2006},
	publisher={AIP Publishing}
}

@incollection{kim2011sound,
	title={Sound Source Localization Method Using Region Selection},
	author={Kim, Yong-Eun and Su, Dong-Hyun and Jeon, Chang-Ha and Lee, Jae-Kyung and Cho, Kyung-Ju and Chung, Jin-Gyun},
	booktitle={Advances in Sound Localization},
	year={2011},
	publisher={IntechOpen}
}s

@article{gunther2004seismic,
	title={Seismic waves from elephant vocalizations: A possible communication mode?},
	author={G{\"u}nther, Roland H and O'Connell-Rodwell, Caitlin E and Klemperer, Simon L},
	journal={Geophysical Research Letters},
	volume={31},
	number={11},
	year={2004},
	publisher={Wiley Online Library}
}

@book{oppenheim1999discrete,
  title={Discrete-time signal processing},
  author={Oppenheim, Alan V},
  year={2010},
edition = {3},
  publisher={Pearson Higher Education Inc.}, 
address = {Upper Saddle River, NJ},
}

@book{jurafsky,
  title={Speech and Language Processing},
  author={Jurafsky, Dan and Martin, James H.},
  year={2003},
edition = {3},
  publisher={Online available}, 
address = {https://web.stanford.edu/~jurafsky/slp3/},
}

@article{keen2017automated,
	title={Automated detection of low-frequency rumbles of forest elephants: A critical tool for their conservation},
	author={Keen, Sara C and Shiu, Yu and Wrege, Peter H and Rowland, Elizabeth D},
	journal={The Journal of the Acoustical Society of America},
	volume={141},
	number={4},
	pages={2715--2726},
	year={2017},
	publisher={AIP Publishing}
}

@article{zumbahlen2007phase,
	title={Phase Relations in Active Filters},
	author={Zumbahlen, Hank},
	journal={Analog Dialogue},
	volume={41},
	number={4},
	year={2007}
}

@article{linghu2022ensemble,
	title={Ensemble wavelet-learning approach for predicting the effective mechanical properties of concrete composite materials},
	author={Linghu, Jiale and Dong, Hao and Cui, Junzhi},
	journal={Computational Mechanics},
	volume={70},
	number={2},
	pages={335--365},
	year={2022},
	publisher={Springer}
}

@article{scikit-learn,
	title={Scikit-learn: Machine Learning in {P}ython},
	author={Pedregosa, F. and Varoquaux, G. and Gramfort, A. and Michel, V.
	and Thirion, B. and Grisel, O. and Blondel, M. and Prettenhofer, P.
	and Weiss, R. and Dubourg, V. and Vanderplas, J. and Passos, A. and
	Cournapeau, D. and Brucher, M. and Perrot, M. and Duchesnay, E.},
	journal={Journal of Machine Learning Research},
	volume={12},
	pages={2825--2830},
	year={2011}
}

@article{donoho1995noising,
  title={De-noising by soft-thresholding},
  author={Donoho, David L},
  journal={IEEE transactions on information theory},
  volume={41},
  number={3},
  pages={613--627},
  year={1995},
  publisher={IEEE}

@article{prakash,
  title={Human-Elephant Conflict in Sri Lanka: Patterns and Extent},
  author={Prakash, T G Supun L. and Wijeratne, A. W. and Fernando, Prithiviraj},
  journal={Gajah},
  volume={51},
  number={},
  pages={16--25},
  year={2020},
  publisher={IUCN/SSC Asian Elephant Specialist Group}

@article{wijayakulasooriya,
  title={Automatic recognition of elephant infrasound calls using formant analysis and
hidden markov model},
  author={Wijayakulasooriya, J. V.},
  journal={Proceedings of the international conference on industrial and information
systems},
  volume={51},
  number={},
  pages={244-248},
  year={2011},
  publisher={}

@article{Zeppelzauer2015,
  title={Acoustic Detection of Elephant Presence in Noisy Environments},
  author={Zeppelzauer, M. and Stoeger, A. S. and Breiteneder, C.},
  journal={Proceedings of the 2nd ACM International Workshop on Multimedia Analysis for Ecological Data},
  volume={},
  number={},
  pages={3-8},
  year={2013},
  publisher={ACM Press}

@article{Hao,
  title={Monitoring and mining animal sounds in visual space},
  author={Hao, Y. and Campana, B. and Keogh, E.},
  journal={Journal of Insect Behavior},
  volume={26},
  number={4},
  pages={466-493},
  year={2012},
  publisher={}
}